@article{ScreenedPoisson,
 author = {Kazhdan, Michael and Hoppe, Hugues},
 title = {Screened Poisson Surface Reconstruction},
 journal = {ACM Trans. Graph.},
 issue_date = {June 2013},
 volume = {32},
 number = {3},
 month = jul,
 year = {2013},
 issn = {0730-0301},
 pages = {29:1--29:13},
 articleno = {29},
 numpages = {13},
 url = {http://doi.acm.org/10.1145/2487228.2487237},
 doi = {10.1145/2487228.2487237},
 acmid = {2487237},
 publisher = {ACM},
 address = {New York, NY, USA},
 keywords = {Screened Poisson equation, adaptive octree, finite elements, surface fitting},
} 

@inproceedings{Poisson,
 author = {Kazhdan, Michael and Bolitho, Matthew and Hoppe, Hugues},
 title = {Poisson Surface Reconstruction},
 booktitle = {Proceedings of the Fourth Eurographics Symposium on Geometry Processing},
 series = {SGP '06},
 year = {2006},
 isbn = {3-905673-36-3},
 location = {Cagliari, Sardinia, Italy},
 pages = {61--70},
 numpages = {10},
 url = {http://dl.acm.org/citation.cfm?id=1281957.1281965},
 acmid = {1281965},
 publisher = {Eurographics Association},
 address = {Aire-la-Ville, Switzerland, Switzerland},
} 

@inproceedings{SurNormal,
 author = {Mitra, Niloy J. and Nguyen, An},
 title = {Estimating Surface Normals in Noisy Point Cloud Data},
 booktitle = {Proceedings of the Nineteenth Annual Symposium on Computational Geometry},
 series = {SCG '03},
 year = {2003},
 isbn = {1-58113-663-3},
 location = {San Diego, California, USA},
 pages = {322--328},
 numpages = {7},
 url = {http://doi.acm.org/10.1145/777792.777840},
 doi = {10.1145/777792.777840},
 acmid = {777840},
 publisher = {ACM},
 address = {New York, NY, USA},
 keywords = {eigen analysis, neighborhood size estimation, noisy data, normal estimation},
} 

@inproceedings{MC,
 author = {Lorensen, William E. and Cline, Harvey E.},
 title = {Marching Cubes: A High Resolution 3D Surface Construction Algorithm},
 booktitle = {Proceedings of the 14th Annual Conference on Computer Graphics and Interactive Techniques},
 series = {SIGGRAPH '87},
 year = {1987},
 isbn = {0-89791-227-6},
 pages = {163--169},
 numpages = {7},
 url = {http://doi.acm.org/10.1145/37401.37422},
 doi = {10.1145/37401.37422},
 acmid = {37422},
 publisher = {ACM},
 address = {New York, NY, USA},
} 

@InProceedings\{MLAB,
  author       = "Cignoni, Paolo and Callieri, Marco and Corsini, Massimiliano and Dellepiane, Matteo and Ganovelli, Fabio and Ranzuglia, Guido",
  title        = "MeshLab: an Open-Source Mesh Processing Tool",
  booktitle    = "Sixth Eurographics Italian Chapter Conference",
  pages        = "129-136",
  year         = "2008",
  url          = "http://vcg.isti.cnr.it/Publications/2008/CCCDGR08"
}

@book{cgal:eb-15a
	, title        = "{CGAL} User and Reference Manual"
	, author      = "{The CGAL Project}"
	, publisher     = "{CGAL Editorial Board}"
	, edition     = "{4.5.2}"
	, year         = 2015
	, url =    "http://doc.cgal.org/4.5.2/Manual/packages.html"
}

@inproceedings{Bolitho:2009:PPS:1696121.1696195,
	author = {Bolitho, Matthew and Kazhdan, Michael and Burns, Randal and Hoppe, Hugues},
	title = {Parallel Poisson Surface Reconstruction},
	booktitle = {Proceedings of the 5th International Symposium on Advances in Visual Computing: Part I},
	series = {ISVC '09},
	year = {2009},
	isbn = {978-3-642-10330-8},
	location = {Las Vegas, Nevada},
	pages = {678--689},
	numpages = {12},
	url = {http://dx.doi.org/10.1007/978-3-642-10331-5_63},
	doi = {10.1007/978-3-642-10331-5_63},
	acmid = {1696195},
	publisher = {Springer-Verlag},
	address = {Berlin, Heidelberg},
} 
@inproceedings {egst.20141040,
	booktitle = {Eurographics 2014 - State of the Art Reports},
	editor = {Sylvain Lefebvre and Michela Spagnuolo},
	title = {{State of the Art in Surface Reconstruction from Point Clouds}},
	author = {Berger, Matthew and Tagliasacchi, Andrea and Seversky, Lee M. and Alliez, Pierre and Levine, Joshua A. and Sharf, Andrei and Silva, Claudio T.},
	year = {2014},
	publisher = {The Eurographics Association},
	ISSN = {1017-4656},
	DOI = {10.2312/egst.20141040}
}


@article{DBLP:journals/bioinformatics/KimVMSYLFMKRKHFT14,
	author    = {Jihye Kim and
	Vihas T. Vasu and
	Rangnath Mishra and
	Katherine R. Singleton and
	Minjae Yoo and
	Sonia M. Leach and
	Eveline Farias{-}Hesson and
	Robert J. Mason and
	Jaewoo Kang and
	Preveen Ramamoorthy and
	Jeffrey A. Kern and
	Lynn E. Heasley and
	James H. Finigan and
	Aik{-}Choon Tan},
	title     = {Bioinformatics-driven discovery of rational combination for overcoming
	EGFR-mutant lung cancer resistance to {EGFR} therapy},
	journal   = {Bioinformatics},
	volume    = {30},
	number    = {17},
	pages     = {2393--2398},
	year      = {2014},
	url       = {http://dx.doi.org/10.1093/bioinformatics/btu323},
	doi       = {10.1093/bioinformatics/btu323},
	timestamp = {Thu, 30 Aug 4453545 00:41:04 +tant},
	biburl    = {http://dblp.uni-trier.de/rec/bib/journals/bioinformatics/KimVMSYLFMKRKHFT14},
	bibsource = {dblp computer science bibliography, http://dblp.org}
}

